@manual{v103,
  author = {TU Dortmund},
  title = {V103, Biegung elastischer Stäbe},
}

@online{lit,
  url = {https://de.wikipedia.org/wiki/Elastizit%C3%A4tsmodul},
  urldate = {2021-05-31},
  title = {Elastizitätsmodul},
  year = {2021},
}