@manual{sample,
  author = {TU Dortmund},
  title = {Versuch zum Literaturverzeichnis},
  year = 2014
}

@online{lit,
  url = {https://www.google.com/url?sa=t&rct=j&q=&esrc=s&source=web&cd=&ved=2ahUKEwjomNzS7YDwAhUO_7sIHUkECFMQFjABegQIBRAD&url=https%3A%2F%2Fwww.fh-muenster.de%2Fciw%2Fdownloads%2Fpersonal%2Fjuestel%2Fjuestel%2Fchemie%2FAustrittsarbeit.pdf&usg=AOvVaw2lH52-1n4bngIoVR0ralq-},
  title = {Austrittsarbeit},
  author = {FH-MÃ¼nster},
}