@manual{v303,
  author = {TU Dortmund},
  title = {V303, Der Lock-In-Verst√§rker}
}
