@article{matplotlib,
  author = "Hunter, John D.",
  title = "{Matplotlib}: A {2D} Graphics Environment",
  publisher = "IEEE",
  year = "2007",
  journal = "Computing in Science \& Engineering",
  volume = "9",
  number = "3",
  pages = "90--95",
  url = "http://matplotlib.org/",
  version = "1.4.3",
}

@book{ggid,
  author         = {FH-Prof. Dr. Werner Stadlmayr},
  title          = {Die Ideale Gasgleichung},
  publisher      = {Springer Vieweg, Wiesbaden},
  year           = {2018}
}

@article{numpy,
  author = "Oliphant, Travis E.",
  title = "{NumPy}: {Python} for Scientific Computing",
  publisher = "IEEE",
  year = "2007",
  journal = "Computing in Science \& Engineering",
  volume = "9",
  number = "3",
  pages = "10--20",
  url = "http://www.numpy.org/",
  version = "1.9.2",
}

@software{scipy,
  author = "Jones, Eric and Oliphant, Travis E. and Peterson, Pearu and others",
  title = "{SciPy}: Open source scientific tools for {Python}",
  url = "http://www.scipy.org/",
  version = "0.16.0",
}

@software{uncertainties,
  author = "Lebigot, Eric O.",
  title = "Uncertainties: a Python package for calculations with uncertainties",
  url = "http://pythonhosted.org/uncertainties/",
  version = "2.4.6.1"
}

 @manual{DatenundHinweise,
   title           = "Daten und Hinweise",
   year            = "2020",
   organization   = "Fakult채t Physik, TU Dortmund"
 }

 @online{spezW채rmeKap,
   url             = "https://de.wikibooks.org/wiki/Tabellensammlung_Chemie/_spezifische_W%C3%A4rmekapazit%C3%A4ten",
   urldate         = "2020-10-31",
   title           = "Tabellensammlung Chemie / spezifische W채rmekapazit채ten",   
   year            = "2020"
 }

  @online{allgGaskonstante,
   url             = "https://www.chemie.de/lexikon/Universelle_Gaskonstante.html",
   urldate         = "2020-10-31",
   title           = "Universelle Gaskonstante"
 }