@manual{sample,
  author = {TU Dortmund},
  title = {Versuch zum Literaturverzeichnis},
  year = 2014
}

@online{rh104,
url = {https://www.internetchemie.info/isotop.php?Kern=Rh-104},
urldate = {2020-10-15},
title = {Daten und Eigenschaften des Isotops Rh-104.},
autor = {internetchemie},
year = {2020},
}

@online{rh104i,
url = {http://www.periodensystem-online.de/index.php?id=isotope&el=45&mz=104&nrg=0.129&show=nuklid},
title = {Rhodium-104},
autor = {periodensystem-online},
year = {2020},
}

@online{vana,
url = {http://www.periodensystem-online.de/index.php?id=isotope&el=23&mz=51&show=nuklid},
title = {Vanadium-51},
autor = {periodensystem-online},
year = {2020},
}