@manual{v354,
  author = {TU Dortmund},
  title = {V354, Ged√§mmpfte und erzwungene Schwingungen},
  year = 2014
}
