@manual{anleitung,
  author = {TU Dortmund},
  title = {V302: Br√ºckenschaltungen},
  }
