@manual{sample,
  author = {TU Dortmund},
  title = {Versuch zum Literaturverzeichnis},
  year = 2014
}

@online{fractionindex,
  url = {https://www.chemie.de/lexikon/Brechzahl.html},
  urldate = {2021-03-23},
  title = {Brechzahl},
  author = {LUMITOS AG},
}