@manual{v903,
  author = {TU Dortmund},
  title = {v903, Dopplersonographie}
}
