@manual{v406,
  title        = {V406, Beugung am Spalt},
  author       = {TU Dortmund}
}