@manual{V602,
  author = {TU Dortmund},
  title = {V602, RÃ¶ntgenemission und -absorption}
}
@online{eabs,
  url = {https://physics.nist.gov/cgi-bin/XrayTrans/search.pl?element=Cu&trans=Kedge&lower=&upper=&units=eV},
  urldate = {2021-05-03},
  title = {X-Ray Transition Energies Database},
  author = {National Instituts of Standards and Technology},
}