@manual{sample,
  author = {TU Dortmund},
  title = {Versuch zum Literaturverzeichnis},
  year = 2014
}

@online{gasconstant,
  url = {https://de.wikipedia.org/wiki/Gaskonstante},
  urldate = {2021-06-25},
  title = {Gaskonstante},
  year = {2021},
}

@online{avogadro,
  url = {https://de.wikipedia.org/wiki/Avogadro-Konstante},
  urldate = {2021-06-28},
  title = {Avogadro-Konstante},
  year = {2021},
}