@manual{v606,
  author = {TU Dortmund},
  title = {V606, Messung der Suszeptibilit√§t paramagnetischer Substanzen}
}
