@manual{sample,
  author = {TU Dortmund},
  title = {Versuch zum Literaturverzeichnis},
  year = 2014
}

@online{speedoflight,
  url = {https://www.lichtmikroskop.net/optik/lichtgeschwindigkeit.php},
  urldate = {2021-06-03},
  title = {Wie schnell ist Lichtgeschwindigkeit?},
  author = {Martin Mißfeldt},
  year = {2021},
}

@online{plank,
  url = {https://de.wikipedia.org/wiki/Plancksches_Wirkungsquantum},
  urldate = {2021-06-03},
  title = {Plancksches Wirkungsquantum},
  year = {2021},
}

@online{litlinien,
  url = {https://edisciplinas.usp.br/pluginfile.php/2171854/mod_resource/content/1/X-ray%20absorption%20edges%2C%20characteristic%20X-ray%20lines.pdf},
  urldate = {2021-06-04},
  title = {Absorption of photons},
  author = {National Physical Laboratory},
}

@online{compton,
  url = {https://www.chemie.de/lexikon/Compton-Wellenl%C3%A4nge.html},
  urldate = {2021-06-04},
  title = {Compton-Wellenlänge},
  year = {2021}
}