@manual{sample,
  author = {TU Dortmund},
  title = {V204: Wärmeleitung von Metallen}
}

@book{demtröder,
  author         = {Wolfgang Demtröder},
  title          = {Experimentalphysik 1},
  publisher      = {Springer Spektrum},
  year           = {1994}
}