@manual{V400,
  author = {TU Dortmund},
  title = {V400, Reflexion, Brechung und Beugung}
}

@online{lit,
  url = {https://de.wikipedia.org/wiki/Brechungsindex},
  urldate = {2021-05-31},
  title = {Brechungsindex},
  year = {2021},
}